%YAML 1.1
%TAG !u! tag:unity3d.com,2011:
--- !u!1 &455651645568576262
GameObject:
  m_ObjectHideFlags: 0
  m_CorrespondingSourceObject: {fileID: 0}
  m_PrefabInstance: {fileID: 0}
  m_PrefabAsset: {fileID: 0}
  serializedVersion: 6
  m_Component:
  - component: {fileID: 6502081849446500083}
  m_Layer: 0
  m_Name: GameObject (1)
  m_TagString: Untagged
  m_Icon: {fileID: 0}
  m_NavMeshLayer: 0
  m_StaticEditorFlags: 0
  m_IsActive: 1
--- !u!4 &6502081849446500083
Transform:
  m_ObjectHideFlags: 0
  m_CorrespondingSourceObject: {fileID: 0}
  m_PrefabInstance: {fileID: 0}
  m_PrefabAsset: {fileID: 0}
  m_GameObject: {fileID: 455651645568576262}
  m_LocalRotation: {x: 0, y: 0, z: 0, w: 1}
  m_LocalPosition: {x: 0, y: 0, z: 0}
  m_LocalScale: {x: 1, y: 1, z: 1}
  m_Children: []
  m_Father: {fileID: 8643138148625310481}
  m_RootOrder: 1
  m_LocalEulerAnglesHint: {x: 0, y: 0, z: 0}
--- !u!1 &489961631976695055
GameObject:
  m_ObjectHideFlags: 0
  m_CorrespondingSourceObject: {fileID: 0}
  m_PrefabInstance: {fileID: 0}
  m_PrefabAsset: {fileID: 0}
  serializedVersion: 6
  m_Component:
  - component: {fileID: 6981020622209353569}
  m_Layer: 0
  m_Name: GameObject (1)
  m_TagString: Untagged
  m_Icon: {fileID: 0}
  m_NavMeshLayer: 0
  m_StaticEditorFlags: 0
  m_IsActive: 1
--- !u!4 &6981020622209353569
Transform:
  m_ObjectHideFlags: 0
  m_CorrespondingSourceObject: {fileID: 0}
  m_PrefabInstance: {fileID: 0}
  m_PrefabAsset: {fileID: 0}
  m_GameObject: {fileID: 489961631976695055}
  m_LocalRotation: {x: 0, y: 0, z: 0, w: 1}
  m_LocalPosition: {x: 0, y: 0, z: 0}
  m_LocalScale: {x: 1, y: 1, z: 1}
  m_Children: []
  m_Father: {fileID: 8643138149180239406}
  m_RootOrder: 1
  m_LocalEulerAnglesHint: {x: 0, y: 0, z: 0}
--- !u!1 &3028578204753510719
GameObject:
  m_ObjectHideFlags: 0
  m_CorrespondingSourceObject: {fileID: 0}
  m_PrefabInstance: {fileID: 0}
  m_PrefabAsset: {fileID: 0}
  serializedVersion: 6
  m_Component:
  - component: {fileID: 5403527279060908344}
  m_Layer: 0
  m_Name: pared lateral
  m_TagString: Untagged
  m_Icon: {fileID: 0}
  m_NavMeshLayer: 0
  m_StaticEditorFlags: 0
  m_IsActive: 1
--- !u!4 &5403527279060908344
Transform:
  m_ObjectHideFlags: 0
  m_CorrespondingSourceObject: {fileID: 0}
  m_PrefabInstance: {fileID: 0}
  m_PrefabAsset: {fileID: 0}
  m_GameObject: {fileID: 3028578204753510719}
  m_LocalRotation: {x: -0, y: -0, z: -0, w: 1}
  m_LocalPosition: {x: 20.75, y: 7.190001, z: 0}
  m_LocalScale: {x: 1, y: 1, z: 1}
  m_Children:
  - {fileID: 8643138147888520986}
  - {fileID: 8643138148596374629}
  - {fileID: 8643138147571957973}
  - {fileID: 8643138147359194643}
  - {fileID: 8643138147792462050}
  - {fileID: 8643138149180239406}
  - {fileID: 8643138147849759155}
  - {fileID: 8643138148176606075}
  - {fileID: 8643138148625310481}
  - {fileID: 8643138147587100347}
  m_Father: {fileID: 0}
  m_RootOrder: 0
  m_LocalEulerAnglesHint: {x: 0, y: 0, z: 0}
--- !u!1 &4023118321342776804
GameObject:
  m_ObjectHideFlags: 0
  m_CorrespondingSourceObject: {fileID: 0}
  m_PrefabInstance: {fileID: 0}
  m_PrefabAsset: {fileID: 0}
  serializedVersion: 6
  m_Component:
  - component: {fileID: 3244657925601825279}
  m_Layer: 0
  m_Name: GameObject (1)
  m_TagString: Untagged
  m_Icon: {fileID: 0}
  m_NavMeshLayer: 0
  m_StaticEditorFlags: 0
  m_IsActive: 1
--- !u!4 &3244657925601825279
Transform:
  m_ObjectHideFlags: 0
  m_CorrespondingSourceObject: {fileID: 0}
  m_PrefabInstance: {fileID: 0}
  m_PrefabAsset: {fileID: 0}
  m_GameObject: {fileID: 4023118321342776804}
  m_LocalRotation: {x: 0, y: 0, z: 0, w: 1}
  m_LocalPosition: {x: 0, y: 0, z: 0}
  m_LocalScale: {x: 1, y: 1, z: 1}
  m_Children: []
  m_Father: {fileID: 8643138147849759155}
  m_RootOrder: 1
  m_LocalEulerAnglesHint: {x: 0, y: 0, z: 0}
--- !u!1 &5874303099101718522
GameObject:
  m_ObjectHideFlags: 0
  m_CorrespondingSourceObject: {fileID: 0}
  m_PrefabInstance: {fileID: 0}
  m_PrefabAsset: {fileID: 0}
  serializedVersion: 6
  m_Component:
  - component: {fileID: 235968982074983927}
  m_Layer: 0
  m_Name: GameObject (1)
  m_TagString: Untagged
  m_Icon: {fileID: 0}
  m_NavMeshLayer: 0
  m_StaticEditorFlags: 0
  m_IsActive: 1
--- !u!4 &235968982074983927
Transform:
  m_ObjectHideFlags: 0
  m_CorrespondingSourceObject: {fileID: 0}
  m_PrefabInstance: {fileID: 0}
  m_PrefabAsset: {fileID: 0}
  m_GameObject: {fileID: 5874303099101718522}
  m_LocalRotation: {x: 0, y: 0, z: 0, w: 1}
  m_LocalPosition: {x: 0, y: 0, z: 0}
  m_LocalScale: {x: 1, y: 1, z: 1}
  m_Children: []
  m_Father: {fileID: 8643138148176606075}
  m_RootOrder: 1
  m_LocalEulerAnglesHint: {x: 0, y: 0, z: 0}
--- !u!1 &6895294414232603932
GameObject:
  m_ObjectHideFlags: 0
  m_CorrespondingSourceObject: {fileID: 0}
  m_PrefabInstance: {fileID: 0}
  m_PrefabAsset: {fileID: 0}
  serializedVersion: 6
  m_Component:
  - component: {fileID: 5679741742356917298}
  m_Layer: 0
  m_Name: GameObject (1)
  m_TagString: Untagged
  m_Icon: {fileID: 0}
  m_NavMeshLayer: 0
  m_StaticEditorFlags: 0
  m_IsActive: 1
--- !u!4 &5679741742356917298
Transform:
  m_ObjectHideFlags: 0
  m_CorrespondingSourceObject: {fileID: 0}
  m_PrefabInstance: {fileID: 0}
  m_PrefabAsset: {fileID: 0}
  m_GameObject: {fileID: 6895294414232603932}
  m_LocalRotation: {x: 0, y: 0, z: 0, w: 1}
  m_LocalPosition: {x: 0, y: 0, z: 0}
  m_LocalScale: {x: 1, y: 1, z: 1}
  m_Children: []
  m_Father: {fileID: 8643138147359194643}
  m_RootOrder: 1
  m_LocalEulerAnglesHint: {x: 0, y: 0, z: 0}
--- !u!1 &7039971581175465711
GameObject:
  m_ObjectHideFlags: 0
  m_CorrespondingSourceObject: {fileID: 0}
  m_PrefabInstance: {fileID: 0}
  m_PrefabAsset: {fileID: 0}
  serializedVersion: 6
  m_Component:
  - component: {fileID: 7851423074526114410}
  m_Layer: 0
  m_Name: GameObject (1)
  m_TagString: Untagged
  m_Icon: {fileID: 0}
  m_NavMeshLayer: 0
  m_StaticEditorFlags: 0
  m_IsActive: 1
--- !u!4 &7851423074526114410
Transform:
  m_ObjectHideFlags: 0
  m_CorrespondingSourceObject: {fileID: 0}
  m_PrefabInstance: {fileID: 0}
  m_PrefabAsset: {fileID: 0}
  m_GameObject: {fileID: 7039971581175465711}
  m_LocalRotation: {x: 0, y: 0, z: 0, w: 1}
  m_LocalPosition: {x: 0, y: 0, z: 0}
  m_LocalScale: {x: 1, y: 1, z: 1}
  m_Children: []
  m_Father: {fileID: 8643138148596374629}
  m_RootOrder: 1
  m_LocalEulerAnglesHint: {x: 0, y: 0, z: 0}
--- !u!1 &8332598489115516616
GameObject:
  m_ObjectHideFlags: 0
  m_CorrespondingSourceObject: {fileID: 0}
  m_PrefabInstance: {fileID: 0}
  m_PrefabAsset: {fileID: 0}
  serializedVersion: 6
  m_Component:
  - component: {fileID: 4991604489749932918}
  m_Layer: 0
  m_Name: GameObject (1)
  m_TagString: Untagged
  m_Icon: {fileID: 0}
  m_NavMeshLayer: 0
  m_StaticEditorFlags: 0
  m_IsActive: 1
--- !u!4 &4991604489749932918
Transform:
  m_ObjectHideFlags: 0
  m_CorrespondingSourceObject: {fileID: 0}
  m_PrefabInstance: {fileID: 0}
  m_PrefabAsset: {fileID: 0}
  m_GameObject: {fileID: 8332598489115516616}
  m_LocalRotation: {x: 0, y: 0, z: 0, w: 1}
  m_LocalPosition: {x: 0, y: 0, z: 0}
  m_LocalScale: {x: 1, y: 1, z: 1}
  m_Children: []
  m_Father: {fileID: 8643138147571957973}
  m_RootOrder: 1
  m_LocalEulerAnglesHint: {x: 0, y: 0, z: 0}
--- !u!1 &8484966098751015688
GameObject:
  m_ObjectHideFlags: 0
  m_CorrespondingSourceObject: {fileID: 0}
  m_PrefabInstance: {fileID: 0}
  m_PrefabAsset: {fileID: 0}
  serializedVersion: 6
  m_Component:
  - component: {fileID: 318795496170649692}
  m_Layer: 0
  m_Name: GameObject (1)
  m_TagString: Untagged
  m_Icon: {fileID: 0}
  m_NavMeshLayer: 0
  m_StaticEditorFlags: 0
  m_IsActive: 1
--- !u!4 &318795496170649692
Transform:
  m_ObjectHideFlags: 0
  m_CorrespondingSourceObject: {fileID: 0}
  m_PrefabInstance: {fileID: 0}
  m_PrefabAsset: {fileID: 0}
  m_GameObject: {fileID: 8484966098751015688}
  m_LocalRotation: {x: 0, y: 0, z: 0, w: 1}
  m_LocalPosition: {x: 0, y: 0, z: 0}
  m_LocalScale: {x: 1, y: 1, z: 1}
  m_Children: []
  m_Father: {fileID: 8643138147888520986}
  m_RootOrder: 1
  m_LocalEulerAnglesHint: {x: 0, y: 0, z: 0}
--- !u!1 &9101533277925048243
GameObject:
  m_ObjectHideFlags: 0
  m_CorrespondingSourceObject: {fileID: 0}
  m_PrefabInstance: {fileID: 0}
  m_PrefabAsset: {fileID: 0}
  serializedVersion: 6
  m_Component:
  - component: {fileID: 822197351268921473}
  m_Layer: 0
  m_Name: GameObject (1)
  m_TagString: Untagged
  m_Icon: {fileID: 0}
  m_NavMeshLayer: 0
  m_StaticEditorFlags: 0
  m_IsActive: 1
--- !u!4 &822197351268921473
Transform:
  m_ObjectHideFlags: 0
  m_CorrespondingSourceObject: {fileID: 0}
  m_PrefabInstance: {fileID: 0}
  m_PrefabAsset: {fileID: 0}
  m_GameObject: {fileID: 9101533277925048243}
  m_LocalRotation: {x: 0, y: 0, z: 0, w: 1}
  m_LocalPosition: {x: 0, y: 0, z: 0}
  m_LocalScale: {x: 1, y: 1, z: 1}
  m_Children: []
  m_Father: {fileID: 8643138147792462050}
  m_RootOrder: 1
  m_LocalEulerAnglesHint: {x: 0, y: 0, z: 0}
--- !u!1001 &2594513834285355201
PrefabInstance:
  m_ObjectHideFlags: 0
  serializedVersion: 2
  m_Modification:
    m_TransformParent: {fileID: 5403527279060908344}
    m_Modifications:
    - target: {fileID: 2810420498417764251, guid: d7492f8b2e733c3479b106eb8205653c, type: 3}
      propertyPath: m_Name
      value: Soil (16)
      objectReference: {fileID: 0}
    - target: {fileID: 6049188397398636914, guid: d7492f8b2e733c3479b106eb8205653c, type: 3}
      propertyPath: m_RootOrder
      value: 6
      objectReference: {fileID: 0}
    - target: {fileID: 6049188397398636914, guid: d7492f8b2e733c3479b106eb8205653c, type: 3}
      propertyPath: m_LocalPosition.x
      value: 0
      objectReference: {fileID: 0}
    - target: {fileID: 6049188397398636914, guid: d7492f8b2e733c3479b106eb8205653c, type: 3}
      propertyPath: m_LocalPosition.y
      value: -1.6800008
      objectReference: {fileID: 0}
    - target: {fileID: 6049188397398636914, guid: d7492f8b2e733c3479b106eb8205653c, type: 3}
      propertyPath: m_LocalPosition.z
      value: 0
      objectReference: {fileID: 0}
    - target: {fileID: 6049188397398636914, guid: d7492f8b2e733c3479b106eb8205653c, type: 3}
      propertyPath: m_LocalRotation.w
      value: 1
      objectReference: {fileID: 0}
    - target: {fileID: 6049188397398636914, guid: d7492f8b2e733c3479b106eb8205653c, type: 3}
      propertyPath: m_LocalRotation.x
      value: -0
      objectReference: {fileID: 0}
    - target: {fileID: 6049188397398636914, guid: d7492f8b2e733c3479b106eb8205653c, type: 3}
      propertyPath: m_LocalRotation.y
      value: -0
      objectReference: {fileID: 0}
    - target: {fileID: 6049188397398636914, guid: d7492f8b2e733c3479b106eb8205653c, type: 3}
      propertyPath: m_LocalRotation.z
      value: -0
      objectReference: {fileID: 0}
    - target: {fileID: 6049188397398636914, guid: d7492f8b2e733c3479b106eb8205653c, type: 3}
      propertyPath: m_LocalEulerAnglesHint.x
      value: 0
      objectReference: {fileID: 0}
    - target: {fileID: 6049188397398636914, guid: d7492f8b2e733c3479b106eb8205653c, type: 3}
      propertyPath: m_LocalEulerAnglesHint.y
      value: 0
      objectReference: {fileID: 0}
    - target: {fileID: 6049188397398636914, guid: d7492f8b2e733c3479b106eb8205653c, type: 3}
      propertyPath: m_LocalEulerAnglesHint.z
      value: 0
      objectReference: {fileID: 0}
    m_RemovedComponents: []
  m_SourcePrefab: {fileID: 100100000, guid: d7492f8b2e733c3479b106eb8205653c, type: 3}
--- !u!4 &8643138147849759155 stripped
Transform:
  m_CorrespondingSourceObject: {fileID: 6049188397398636914, guid: d7492f8b2e733c3479b106eb8205653c, type: 3}
  m_PrefabInstance: {fileID: 2594513834285355201}
  m_PrefabAsset: {fileID: 0}
--- !u!1001 &2594513834354940304
PrefabInstance:
  m_ObjectHideFlags: 0
  serializedVersion: 2
  m_Modification:
    m_TransformParent: {fileID: 5403527279060908344}
    m_Modifications:
    - target: {fileID: 2810420498417764251, guid: d7492f8b2e733c3479b106eb8205653c, type: 3}
      propertyPath: m_Name
      value: Soil (14)
      objectReference: {fileID: 0}
    - target: {fileID: 6049188397398636914, guid: d7492f8b2e733c3479b106eb8205653c, type: 3}
      propertyPath: m_RootOrder
      value: 4
      objectReference: {fileID: 0}
    - target: {fileID: 6049188397398636914, guid: d7492f8b2e733c3479b106eb8205653c, type: 3}
      propertyPath: m_LocalPosition.x
      value: 0
      objectReference: {fileID: 0}
    - target: {fileID: 6049188397398636914, guid: d7492f8b2e733c3479b106eb8205653c, type: 3}
      propertyPath: m_LocalPosition.y
      value: -6.1100006
      objectReference: {fileID: 0}
    - target: {fileID: 6049188397398636914, guid: d7492f8b2e733c3479b106eb8205653c, type: 3}
      propertyPath: m_LocalPosition.z
      value: 0
      objectReference: {fileID: 0}
    - target: {fileID: 6049188397398636914, guid: d7492f8b2e733c3479b106eb8205653c, type: 3}
      propertyPath: m_LocalRotation.w
      value: 1
      objectReference: {fileID: 0}
    - target: {fileID: 6049188397398636914, guid: d7492f8b2e733c3479b106eb8205653c, type: 3}
      propertyPath: m_LocalRotation.x
      value: -0
      objectReference: {fileID: 0}
    - target: {fileID: 6049188397398636914, guid: d7492f8b2e733c3479b106eb8205653c, type: 3}
      propertyPath: m_LocalRotation.y
      value: -0
      objectReference: {fileID: 0}
    - target: {fileID: 6049188397398636914, guid: d7492f8b2e733c3479b106eb8205653c, type: 3}
      propertyPath: m_LocalRotation.z
      value: -0
      objectReference: {fileID: 0}
    - target: {fileID: 6049188397398636914, guid: d7492f8b2e733c3479b106eb8205653c, type: 3}
      propertyPath: m_LocalEulerAnglesHint.x
      value: 0
      objectReference: {fileID: 0}
    - target: {fileID: 6049188397398636914, guid: d7492f8b2e733c3479b106eb8205653c, type: 3}
      propertyPath: m_LocalEulerAnglesHint.y
      value: 0
      objectReference: {fileID: 0}
    - target: {fileID: 6049188397398636914, guid: d7492f8b2e733c3479b106eb8205653c, type: 3}
      propertyPath: m_LocalEulerAnglesHint.z
      value: 0
      objectReference: {fileID: 0}
    m_RemovedComponents: []
  m_SourcePrefab: {fileID: 100100000, guid: d7492f8b2e733c3479b106eb8205653c, type: 3}
--- !u!4 &8643138147792462050 stripped
Transform:
  m_CorrespondingSourceObject: {fileID: 6049188397398636914, guid: d7492f8b2e733c3479b106eb8205653c, type: 3}
  m_PrefabInstance: {fileID: 2594513834354940304}
  m_PrefabAsset: {fileID: 0}
--- !u!1001 &2594513834527549032
PrefabInstance:
  m_ObjectHideFlags: 0
  serializedVersion: 2
  m_Modification:
    m_TransformParent: {fileID: 5403527279060908344}
    m_Modifications:
    - target: {fileID: 2810420498417764251, guid: d7492f8b2e733c3479b106eb8205653c, type: 3}
      propertyPath: m_Name
      value: Soil (10)
      objectReference: {fileID: 0}
    - target: {fileID: 6049188397398636914, guid: d7492f8b2e733c3479b106eb8205653c, type: 3}
      propertyPath: m_RootOrder
      value: 0
      objectReference: {fileID: 0}
    - target: {fileID: 6049188397398636914, guid: d7492f8b2e733c3479b106eb8205653c, type: 3}
      propertyPath: m_LocalPosition.x
      value: 0
      objectReference: {fileID: 0}
    - target: {fileID: 6049188397398636914, guid: d7492f8b2e733c3479b106eb8205653c, type: 3}
      propertyPath: m_LocalPosition.y
      value: -6.9700007
      objectReference: {fileID: 0}
    - target: {fileID: 6049188397398636914, guid: d7492f8b2e733c3479b106eb8205653c, type: 3}
      propertyPath: m_LocalPosition.z
      value: 0
      objectReference: {fileID: 0}
    - target: {fileID: 6049188397398636914, guid: d7492f8b2e733c3479b106eb8205653c, type: 3}
      propertyPath: m_LocalRotation.w
      value: 1
      objectReference: {fileID: 0}
    - target: {fileID: 6049188397398636914, guid: d7492f8b2e733c3479b106eb8205653c, type: 3}
      propertyPath: m_LocalRotation.x
      value: -0
      objectReference: {fileID: 0}
    - target: {fileID: 6049188397398636914, guid: d7492f8b2e733c3479b106eb8205653c, type: 3}
      propertyPath: m_LocalRotation.y
      value: -0
      objectReference: {fileID: 0}
    - target: {fileID: 6049188397398636914, guid: d7492f8b2e733c3479b106eb8205653c, type: 3}
      propertyPath: m_LocalRotation.z
      value: -0
      objectReference: {fileID: 0}
    - target: {fileID: 6049188397398636914, guid: d7492f8b2e733c3479b106eb8205653c, type: 3}
      propertyPath: m_LocalEulerAnglesHint.x
      value: 0
      objectReference: {fileID: 0}
    - target: {fileID: 6049188397398636914, guid: d7492f8b2e733c3479b106eb8205653c, type: 3}
      propertyPath: m_LocalEulerAnglesHint.y
      value: 0
      objectReference: {fileID: 0}
    - target: {fileID: 6049188397398636914, guid: d7492f8b2e733c3479b106eb8205653c, type: 3}
      propertyPath: m_LocalEulerAnglesHint.z
      value: 0
      objectReference: {fileID: 0}
    - target: {fileID: 8430210920552346307, guid: d7492f8b2e733c3479b106eb8205653c, type: 3}
      propertyPath: m_Size.y
      value: 2.15378
      objectReference: {fileID: 0}
    - target: {fileID: 8430210920552346307, guid: d7492f8b2e733c3479b106eb8205653c, type: 3}
      propertyPath: m_Offset.y
      value: -0.60550725
      objectReference: {fileID: 0}
    m_RemovedComponents: []
  m_SourcePrefab: {fileID: 100100000, guid: d7492f8b2e733c3479b106eb8205653c, type: 3}
--- !u!4 &8643138147888520986 stripped
Transform:
  m_CorrespondingSourceObject: {fileID: 6049188397398636914, guid: d7492f8b2e733c3479b106eb8205653c, type: 3}
  m_PrefabInstance: {fileID: 2594513834527549032}
  m_PrefabAsset: {fileID: 0}
--- !u!1001 &2594513834746939913
PrefabInstance:
  m_ObjectHideFlags: 0
  serializedVersion: 2
  m_Modification:
    m_TransformParent: {fileID: 5403527279060908344}
    m_Modifications:
    - target: {fileID: 2810420498417764251, guid: d7492f8b2e733c3479b106eb8205653c, type: 3}
      propertyPath: m_Name
      value: Soil (17)
      objectReference: {fileID: 0}
    - target: {fileID: 6049188397398636914, guid: d7492f8b2e733c3479b106eb8205653c, type: 3}
      propertyPath: m_RootOrder
      value: 7
      objectReference: {fileID: 0}
    - target: {fileID: 6049188397398636914, guid: d7492f8b2e733c3479b106eb8205653c, type: 3}
      propertyPath: m_LocalPosition.x
      value: 0
      objectReference: {fileID: 0}
    - target: {fileID: 6049188397398636914, guid: d7492f8b2e733c3479b106eb8205653c, type: 3}
      propertyPath: m_LocalPosition.y
      value: -2.560001
      objectReference: {fileID: 0}
    - target: {fileID: 6049188397398636914, guid: d7492f8b2e733c3479b106eb8205653c, type: 3}
      propertyPath: m_LocalPosition.z
      value: 0
      objectReference: {fileID: 0}
    - target: {fileID: 6049188397398636914, guid: d7492f8b2e733c3479b106eb8205653c, type: 3}
      propertyPath: m_LocalRotation.w
      value: 1
      objectReference: {fileID: 0}
    - target: {fileID: 6049188397398636914, guid: d7492f8b2e733c3479b106eb8205653c, type: 3}
      propertyPath: m_LocalRotation.x
      value: -0
      objectReference: {fileID: 0}
    - target: {fileID: 6049188397398636914, guid: d7492f8b2e733c3479b106eb8205653c, type: 3}
      propertyPath: m_LocalRotation.y
      value: -0
      objectReference: {fileID: 0}
    - target: {fileID: 6049188397398636914, guid: d7492f8b2e733c3479b106eb8205653c, type: 3}
      propertyPath: m_LocalRotation.z
      value: -0
      objectReference: {fileID: 0}
    - target: {fileID: 6049188397398636914, guid: d7492f8b2e733c3479b106eb8205653c, type: 3}
      propertyPath: m_LocalEulerAnglesHint.x
      value: 0
      objectReference: {fileID: 0}
    - target: {fileID: 6049188397398636914, guid: d7492f8b2e733c3479b106eb8205653c, type: 3}
      propertyPath: m_LocalEulerAnglesHint.y
      value: 0
      objectReference: {fileID: 0}
    - target: {fileID: 6049188397398636914, guid: d7492f8b2e733c3479b106eb8205653c, type: 3}
      propertyPath: m_LocalEulerAnglesHint.z
      value: 0
      objectReference: {fileID: 0}
    m_RemovedComponents: []
  m_SourcePrefab: {fileID: 100100000, guid: d7492f8b2e733c3479b106eb8205653c, type: 3}
--- !u!4 &8643138148176606075 stripped
Transform:
  m_CorrespondingSourceObject: {fileID: 6049188397398636914, guid: d7492f8b2e733c3479b106eb8205653c, type: 3}
  m_PrefabInstance: {fileID: 2594513834746939913}
  m_PrefabAsset: {fileID: 0}
--- !u!1001 &2594513835060938593
PrefabInstance:
  m_ObjectHideFlags: 0
  serializedVersion: 2
  m_Modification:
    m_TransformParent: {fileID: 5403527279060908344}
    m_Modifications:
    - target: {fileID: 2810420498417764251, guid: d7492f8b2e733c3479b106eb8205653c, type: 3}
      propertyPath: m_Name
      value: Soil (13)
      objectReference: {fileID: 0}
    - target: {fileID: 6049188397398636914, guid: d7492f8b2e733c3479b106eb8205653c, type: 3}
      propertyPath: m_RootOrder
      value: 3
      objectReference: {fileID: 0}
    - target: {fileID: 6049188397398636914, guid: d7492f8b2e733c3479b106eb8205653c, type: 3}
      propertyPath: m_LocalPosition.x
      value: 0
      objectReference: {fileID: 0}
    - target: {fileID: 6049188397398636914, guid: d7492f8b2e733c3479b106eb8205653c, type: 3}
      propertyPath: m_LocalPosition.y
      value: 0.8799987
      objectReference: {fileID: 0}
    - target: {fileID: 6049188397398636914, guid: d7492f8b2e733c3479b106eb8205653c, type: 3}
      propertyPath: m_LocalPosition.z
      value: 0
      objectReference: {fileID: 0}
    - target: {fileID: 6049188397398636914, guid: d7492f8b2e733c3479b106eb8205653c, type: 3}
      propertyPath: m_LocalRotation.w
      value: 1
      objectReference: {fileID: 0}
    - target: {fileID: 6049188397398636914, guid: d7492f8b2e733c3479b106eb8205653c, type: 3}
      propertyPath: m_LocalRotation.x
      value: -0
      objectReference: {fileID: 0}
    - target: {fileID: 6049188397398636914, guid: d7492f8b2e733c3479b106eb8205653c, type: 3}
      propertyPath: m_LocalRotation.y
      value: -0
      objectReference: {fileID: 0}
    - target: {fileID: 6049188397398636914, guid: d7492f8b2e733c3479b106eb8205653c, type: 3}
      propertyPath: m_LocalRotation.z
      value: -0
      objectReference: {fileID: 0}
    - target: {fileID: 6049188397398636914, guid: d7492f8b2e733c3479b106eb8205653c, type: 3}
      propertyPath: m_LocalEulerAnglesHint.x
      value: 0
      objectReference: {fileID: 0}
    - target: {fileID: 6049188397398636914, guid: d7492f8b2e733c3479b106eb8205653c, type: 3}
      propertyPath: m_LocalEulerAnglesHint.y
      value: 0
      objectReference: {fileID: 0}
    - target: {fileID: 6049188397398636914, guid: d7492f8b2e733c3479b106eb8205653c, type: 3}
      propertyPath: m_LocalEulerAnglesHint.z
      value: 0
      objectReference: {fileID: 0}
    m_RemovedComponents: []
  m_SourcePrefab: {fileID: 100100000, guid: d7492f8b2e733c3479b106eb8205653c, type: 3}
--- !u!4 &8643138147359194643 stripped
Transform:
  m_CorrespondingSourceObject: {fileID: 6049188397398636914, guid: d7492f8b2e733c3479b106eb8205653c, type: 3}
  m_PrefabInstance: {fileID: 2594513835060938593}
  m_PrefabAsset: {fileID: 0}
--- !u!1001 &2594513835083413927
PrefabInstance:
  m_ObjectHideFlags: 0
  serializedVersion: 2
  m_Modification:
    m_TransformParent: {fileID: 5403527279060908344}
    m_Modifications:
    - target: {fileID: 2810420498417764251, guid: d7492f8b2e733c3479b106eb8205653c, type: 3}
      propertyPath: m_Name
      value: Soil (12)
      objectReference: {fileID: 0}
    - target: {fileID: 6049188397398636914, guid: d7492f8b2e733c3479b106eb8205653c, type: 3}
      propertyPath: m_RootOrder
      value: 2
      objectReference: {fileID: 0}
    - target: {fileID: 6049188397398636914, guid: d7492f8b2e733c3479b106eb8205653c, type: 3}
      propertyPath: m_LocalPosition.x
      value: 0
      objectReference: {fileID: 0}
    - target: {fileID: 6049188397398636914, guid: d7492f8b2e733c3479b106eb8205653c, type: 3}
      propertyPath: m_LocalPosition.y
      value: -3.4400005
      objectReference: {fileID: 0}
    - target: {fileID: 6049188397398636914, guid: d7492f8b2e733c3479b106eb8205653c, type: 3}
      propertyPath: m_LocalPosition.z
      value: 0
      objectReference: {fileID: 0}
    - target: {fileID: 6049188397398636914, guid: d7492f8b2e733c3479b106eb8205653c, type: 3}
      propertyPath: m_LocalRotation.w
      value: 1
      objectReference: {fileID: 0}
    - target: {fileID: 6049188397398636914, guid: d7492f8b2e733c3479b106eb8205653c, type: 3}
      propertyPath: m_LocalRotation.x
      value: -0
      objectReference: {fileID: 0}
    - target: {fileID: 6049188397398636914, guid: d7492f8b2e733c3479b106eb8205653c, type: 3}
      propertyPath: m_LocalRotation.y
      value: -0
      objectReference: {fileID: 0}
    - target: {fileID: 6049188397398636914, guid: d7492f8b2e733c3479b106eb8205653c, type: 3}
      propertyPath: m_LocalRotation.z
      value: -0
      objectReference: {fileID: 0}
    - target: {fileID: 6049188397398636914, guid: d7492f8b2e733c3479b106eb8205653c, type: 3}
      propertyPath: m_LocalEulerAnglesHint.x
      value: 0
      objectReference: {fileID: 0}
    - target: {fileID: 6049188397398636914, guid: d7492f8b2e733c3479b106eb8205653c, type: 3}
      propertyPath: m_LocalEulerAnglesHint.y
      value: 0
      objectReference: {fileID: 0}
    - target: {fileID: 6049188397398636914, guid: d7492f8b2e733c3479b106eb8205653c, type: 3}
      propertyPath: m_LocalEulerAnglesHint.z
      value: 0
      objectReference: {fileID: 0}
    m_RemovedComponents: []
  m_SourcePrefab: {fileID: 100100000, guid: d7492f8b2e733c3479b106eb8205653c, type: 3}
--- !u!4 &8643138147571957973 stripped
Transform:
  m_CorrespondingSourceObject: {fileID: 6049188397398636914, guid: d7492f8b2e733c3479b106eb8205653c, type: 3}
  m_PrefabInstance: {fileID: 2594513835083413927}
  m_PrefabAsset: {fileID: 0}
--- !u!1001 &2594513835097503689
PrefabInstance:
  m_ObjectHideFlags: 0
  serializedVersion: 2
  m_Modification:
    m_TransformParent: {fileID: 5403527279060908344}
    m_Modifications:
    - target: {fileID: 2810420498417764251, guid: d7492f8b2e733c3479b106eb8205653c, type: 3}
      propertyPath: m_Name
      value: Soil (19)
      objectReference: {fileID: 0}
    - target: {fileID: 6049188397398636914, guid: d7492f8b2e733c3479b106eb8205653c, type: 3}
      propertyPath: m_RootOrder
      value: 9
      objectReference: {fileID: 0}
    - target: {fileID: 6049188397398636914, guid: d7492f8b2e733c3479b106eb8205653c, type: 3}
      propertyPath: m_LocalPosition.x
      value: 0
      objectReference: {fileID: 0}
    - target: {fileID: 6049188397398636914, guid: d7492f8b2e733c3479b106eb8205653c, type: 3}
      propertyPath: m_LocalPosition.y
      value: 0
      objectReference: {fileID: 0}
    - target: {fileID: 6049188397398636914, guid: d7492f8b2e733c3479b106eb8205653c, type: 3}
      propertyPath: m_LocalPosition.z
      value: 0
      objectReference: {fileID: 0}
    - target: {fileID: 6049188397398636914, guid: d7492f8b2e733c3479b106eb8205653c, type: 3}
      propertyPath: m_LocalRotation.w
      value: 1
      objectReference: {fileID: 0}
    - target: {fileID: 6049188397398636914, guid: d7492f8b2e733c3479b106eb8205653c, type: 3}
      propertyPath: m_LocalRotation.x
      value: -0
      objectReference: {fileID: 0}
    - target: {fileID: 6049188397398636914, guid: d7492f8b2e733c3479b106eb8205653c, type: 3}
      propertyPath: m_LocalRotation.y
      value: -0
      objectReference: {fileID: 0}
    - target: {fileID: 6049188397398636914, guid: d7492f8b2e733c3479b106eb8205653c, type: 3}
      propertyPath: m_LocalRotation.z
      value: -0
      objectReference: {fileID: 0}
    - target: {fileID: 6049188397398636914, guid: d7492f8b2e733c3479b106eb8205653c, type: 3}
      propertyPath: m_LocalEulerAnglesHint.x
      value: 0
      objectReference: {fileID: 0}
    - target: {fileID: 6049188397398636914, guid: d7492f8b2e733c3479b106eb8205653c, type: 3}
      propertyPath: m_LocalEulerAnglesHint.y
      value: 0
      objectReference: {fileID: 0}
    - target: {fileID: 6049188397398636914, guid: d7492f8b2e733c3479b106eb8205653c, type: 3}
      propertyPath: m_LocalEulerAnglesHint.z
      value: 0
      objectReference: {fileID: 0}
    m_RemovedComponents: []
  m_SourcePrefab: {fileID: 100100000, guid: d7492f8b2e733c3479b106eb8205653c, type: 3}
--- !u!4 &8643138147587100347 stripped
Transform:
  m_CorrespondingSourceObject: {fileID: 6049188397398636914, guid: d7492f8b2e733c3479b106eb8205653c, type: 3}
  m_PrefabInstance: {fileID: 2594513835097503689}
  m_PrefabAsset: {fileID: 0}
--- !u!1001 &2594513835618457436
PrefabInstance:
  m_ObjectHideFlags: 0
  serializedVersion: 2
  m_Modification:
    m_TransformParent: {fileID: 5403527279060908344}
    m_Modifications:
    - target: {fileID: 2810420498417764251, guid: d7492f8b2e733c3479b106eb8205653c, type: 3}
      propertyPath: m_Name
      value: Soil (15)
      objectReference: {fileID: 0}
    - target: {fileID: 6049188397398636914, guid: d7492f8b2e733c3479b106eb8205653c, type: 3}
      propertyPath: m_RootOrder
      value: 5
      objectReference: {fileID: 0}
    - target: {fileID: 6049188397398636914, guid: d7492f8b2e733c3479b106eb8205653c, type: 3}
      propertyPath: m_LocalPosition.x
      value: 0
      objectReference: {fileID: 0}
    - target: {fileID: 6049188397398636914, guid: d7492f8b2e733c3479b106eb8205653c, type: 3}
      propertyPath: m_LocalPosition.y
      value: -4.3200006
      objectReference: {fileID: 0}
    - target: {fileID: 6049188397398636914, guid: d7492f8b2e733c3479b106eb8205653c, type: 3}
      propertyPath: m_LocalPosition.z
      value: 0
      objectReference: {fileID: 0}
    - target: {fileID: 6049188397398636914, guid: d7492f8b2e733c3479b106eb8205653c, type: 3}
      propertyPath: m_LocalRotation.w
      value: 1
      objectReference: {fileID: 0}
    - target: {fileID: 6049188397398636914, guid: d7492f8b2e733c3479b106eb8205653c, type: 3}
      propertyPath: m_LocalRotation.x
      value: -0
      objectReference: {fileID: 0}
    - target: {fileID: 6049188397398636914, guid: d7492f8b2e733c3479b106eb8205653c, type: 3}
      propertyPath: m_LocalRotation.y
      value: -0
      objectReference: {fileID: 0}
    - target: {fileID: 6049188397398636914, guid: d7492f8b2e733c3479b106eb8205653c, type: 3}
      propertyPath: m_LocalRotation.z
      value: -0
      objectReference: {fileID: 0}
    - target: {fileID: 6049188397398636914, guid: d7492f8b2e733c3479b106eb8205653c, type: 3}
      propertyPath: m_LocalEulerAnglesHint.x
      value: 0
      objectReference: {fileID: 0}
    - target: {fileID: 6049188397398636914, guid: d7492f8b2e733c3479b106eb8205653c, type: 3}
      propertyPath: m_LocalEulerAnglesHint.y
      value: 0
      objectReference: {fileID: 0}
    - target: {fileID: 6049188397398636914, guid: d7492f8b2e733c3479b106eb8205653c, type: 3}
      propertyPath: m_LocalEulerAnglesHint.z
      value: 0
      objectReference: {fileID: 0}
    m_RemovedComponents: []
  m_SourcePrefab: {fileID: 100100000, guid: d7492f8b2e733c3479b106eb8205653c, type: 3}
--- !u!4 &8643138149180239406 stripped
Transform:
  m_CorrespondingSourceObject: {fileID: 6049188397398636914, guid: d7492f8b2e733c3479b106eb8205653c, type: 3}
  m_PrefabInstance: {fileID: 2594513835618457436}
  m_PrefabAsset: {fileID: 0}
--- !u!1001 &2594513836193897059
PrefabInstance:
  m_ObjectHideFlags: 0
  serializedVersion: 2
  m_Modification:
    m_TransformParent: {fileID: 5403527279060908344}
    m_Modifications:
    - target: {fileID: 2810420498417764251, guid: d7492f8b2e733c3479b106eb8205653c, type: 3}
      propertyPath: m_Name
      value: Soil (18)
      objectReference: {fileID: 0}
    - target: {fileID: 6049188397398636914, guid: d7492f8b2e733c3479b106eb8205653c, type: 3}
      propertyPath: m_RootOrder
      value: 8
      objectReference: {fileID: 0}
    - target: {fileID: 6049188397398636914, guid: d7492f8b2e733c3479b106eb8205653c, type: 3}
      propertyPath: m_LocalPosition.x
      value: 0
      objectReference: {fileID: 0}
    - target: {fileID: 6049188397398636914, guid: d7492f8b2e733c3479b106eb8205653c, type: 3}
      propertyPath: m_LocalPosition.y
      value: -0.80000114
      objectReference: {fileID: 0}
    - target: {fileID: 6049188397398636914, guid: d7492f8b2e733c3479b106eb8205653c, type: 3}
      propertyPath: m_LocalPosition.z
      value: 0
      objectReference: {fileID: 0}
    - target: {fileID: 6049188397398636914, guid: d7492f8b2e733c3479b106eb8205653c, type: 3}
      propertyPath: m_LocalRotation.w
      value: 1
      objectReference: {fileID: 0}
    - target: {fileID: 6049188397398636914, guid: d7492f8b2e733c3479b106eb8205653c, type: 3}
      propertyPath: m_LocalRotation.x
      value: -0
      objectReference: {fileID: 0}
    - target: {fileID: 6049188397398636914, guid: d7492f8b2e733c3479b106eb8205653c, type: 3}
      propertyPath: m_LocalRotation.y
      value: -0
      objectReference: {fileID: 0}
    - target: {fileID: 6049188397398636914, guid: d7492f8b2e733c3479b106eb8205653c, type: 3}
      propertyPath: m_LocalRotation.z
      value: -0
      objectReference: {fileID: 0}
    - target: {fileID: 6049188397398636914, guid: d7492f8b2e733c3479b106eb8205653c, type: 3}
      propertyPath: m_LocalEulerAnglesHint.x
      value: 0
      objectReference: {fileID: 0}
    - target: {fileID: 6049188397398636914, guid: d7492f8b2e733c3479b106eb8205653c, type: 3}
      propertyPath: m_LocalEulerAnglesHint.y
      value: 0
      objectReference: {fileID: 0}
    - target: {fileID: 6049188397398636914, guid: d7492f8b2e733c3479b106eb8205653c, type: 3}
      propertyPath: m_LocalEulerAnglesHint.z
      value: 0
      objectReference: {fileID: 0}
    m_RemovedComponents: []
  m_SourcePrefab: {fileID: 100100000, guid: d7492f8b2e733c3479b106eb8205653c, type: 3}
--- !u!4 &8643138148625310481 stripped
Transform:
  m_CorrespondingSourceObject: {fileID: 6049188397398636914, guid: d7492f8b2e733c3479b106eb8205653c, type: 3}
  m_PrefabInstance: {fileID: 2594513836193897059}
  m_PrefabAsset: {fileID: 0}
--- !u!1001 &2594513836239938839
PrefabInstance:
  m_ObjectHideFlags: 0
  serializedVersion: 2
  m_Modification:
    m_TransformParent: {fileID: 5403527279060908344}
    m_Modifications:
    - target: {fileID: 2810420498417764251, guid: d7492f8b2e733c3479b106eb8205653c, type: 3}
      propertyPath: m_Name
      value: Soil (11)
      objectReference: {fileID: 0}
    - target: {fileID: 6049188397398636914, guid: d7492f8b2e733c3479b106eb8205653c, type: 3}
      propertyPath: m_RootOrder
      value: 1
      objectReference: {fileID: 0}
    - target: {fileID: 6049188397398636914, guid: d7492f8b2e733c3479b106eb8205653c, type: 3}
      propertyPath: m_LocalPosition.x
      value: 0
      objectReference: {fileID: 0}
    - target: {fileID: 6049188397398636914, guid: d7492f8b2e733c3479b106eb8205653c, type: 3}
      propertyPath: m_LocalPosition.y
      value: -5.200001
      objectReference: {fileID: 0}
    - target: {fileID: 6049188397398636914, guid: d7492f8b2e733c3479b106eb8205653c, type: 3}
      propertyPath: m_LocalPosition.z
      value: 0
      objectReference: {fileID: 0}
    - target: {fileID: 6049188397398636914, guid: d7492f8b2e733c3479b106eb8205653c, type: 3}
      propertyPath: m_LocalRotation.w
      value: 1
      objectReference: {fileID: 0}
    - target: {fileID: 6049188397398636914, guid: d7492f8b2e733c3479b106eb8205653c, type: 3}
      propertyPath: m_LocalRotation.x
      value: -0
      objectReference: {fileID: 0}
    - target: {fileID: 6049188397398636914, guid: d7492f8b2e733c3479b106eb8205653c, type: 3}
      propertyPath: m_LocalRotation.y
      value: -0
      objectReference: {fileID: 0}
    - target: {fileID: 6049188397398636914, guid: d7492f8b2e733c3479b106eb8205653c, type: 3}
      propertyPath: m_LocalRotation.z
      value: -0
      objectReference: {fileID: 0}
    - target: {fileID: 6049188397398636914, guid: d7492f8b2e733c3479b106eb8205653c, type: 3}
      propertyPath: m_LocalEulerAnglesHint.x
      value: 0
      objectReference: {fileID: 0}
    - target: {fileID: 6049188397398636914, guid: d7492f8b2e733c3479b106eb8205653c, type: 3}
      propertyPath: m_LocalEulerAnglesHint.y
      value: 0
      objectReference: {fileID: 0}
    - target: {fileID: 6049188397398636914, guid: d7492f8b2e733c3479b106eb8205653c, type: 3}
      propertyPath: m_LocalEulerAnglesHint.z
      value: 0
      objectReference: {fileID: 0}
    m_RemovedComponents: []
  m_SourcePrefab: {fileID: 100100000, guid: d7492f8b2e733c3479b106eb8205653c, type: 3}
--- !u!4 &8643138148596374629 stripped
Transform:
  m_CorrespondingSourceObject: {fileID: 6049188397398636914, guid: d7492f8b2e733c3479b106eb8205653c, type: 3}
  m_PrefabInstance: {fileID: 2594513836239938839}
  m_PrefabAsset: {fileID: 0}
